@article{fingertracking, 
    author = "Kenji, Oka and Yoichi, Sato and Hideki, Koike",
    Title = {Real-Time Fingertip Tracking and Gesture Recognition},
    publisher = "IEEE Computer Graphics and Applications",
    year = 2015,
}
@article{aslhand, 
    author = "Cao, Dong and Ming, C. Leu and Zhaozheng, Yin",
    Title = {American Sign Language Alphabet Recognition Using Microsoft Kinect}, 
    publisher = "Missouri University of Science and Technology",
    year = 2015,
}
@article{handposes, 
    author = "Yimin, Zhou and Guolai, Jiang and Yaorong, Lin",
    Title = {A novel finger and hand pose estimation technique for real-time hand gesture recognition}, 
    publisher = "Elsevier",
    year = 2014,
    volume = 49,
    pages = {102--114},
    journaltitle = {Pattern Recognition}
}
@online{pyimagesearch,
    title = {pyimagesearch: Practical Python and OpenCV},
    author = {Adrian Rosebrock},
    year = 2016,
    url = {http://www.pyimagesearch.com/about/}
}
@online{opencv,
    title = {OpenCV: Open Source Computer Vision Library},
    author = {\url{http://itseez.com/}},
    year = 2016,
    url = {http://opencv.org/}
}
@online{aubio,
    title = {aubio: a library to label music and sounds},
    author = {Paul Brossier \url{piem@aubio.org}},
    year = 2015,
    url = {http://aubio.org/}
}
@online{codingrobin,
    title = {TRAIN YOUR OWN OPENCV HAAR CLASSIFIER},
    author = {Thorsten Ball},
    year = 2013,
    url = {http://coding-robin.de/2013/07/22/train-your-own-opencv-haar-classifier.html}
}
@online{8notes,
    title = {Convert Guitar Tabs to Midi and Sheet Music - Instantly Online!},
    author = {\url{http://www.8notes.com}},
    year = 2016,
    url = {http://www.8notes.com/tab/}
}
